@article{backgorunder,
    author =       "F.Bristow, N.Panagakos",
    title =         "Voyager Backgrounder",
    journal =      "NASA-News-Release",
    year =         "1908",
}
@book{1,
	author = {Preyssl C., Atkins R.},
	title = {{Risk Management at ESA}},
	publisher = {ESA Directorate for Technical and Operational Support},
	year = {1999},
}
@online{NASA,
  title = {NASA Missions A-Z},
  url = {https://www.nasa.gov/},
  urldate = {2017-11-26}
}
@article{Brumbaugh,
    author =       "Katharine M. Brumbaugh, E. Glenn Lightsey",
    title =        "Application of Risk Management to
University CubeSat Missions",
    journal =      "Journal of Small Satellites",
    volume =       "2",
    number =       "1",
    pages =        "147--160",
    year =         "2013",
}
@online{TCM,
  title = {Voyager 1 Fires Up Thrusters After 37 Years},
  url = {https://www.nasa.gov/feature/jpl/voyager-1-fires-up-thrusters-after-37},
  urldate = {2017-11-26}
}
@book{main,
	title = {{The Voyager Neptune Travel Guide}},
	publisher = {JPL Publication 89-24},
	year = {1989},
}
@online{TechVoy,
  title = {NASA Technical Report Server: Voyager Spacecreft},
  url = {https://ntrs.nasa.gov/archive/nasa/casi.ntrs.nasa.gov/19790008720.pdf},
  urldate = {2017-11-26}
}
@article{eneterspace,
    author =       "Morin, Monte",
    title =         "NASA confirms Voyager 1 has left the Solar System",
    journal =      "Los Angeles Times.",
    year =         "2013",
}
@online{spacecraft,
  title = {Voyager Spacecraft},
  url = {https://voyager.jpl.nasa.gov/mission/spacecraft/},
  urldate = {2017-11-26}
}
@book{titan,
	author = {Paolo Ulivi,David M. Harland},
	title = {{Robotic Exploration of the Solar System: Part I: The Golden Age 1957-1982}},
	publisher = {Springer Praxis Books},
	year = {1982},
}
@book{book_voy1,
	author = {Ben Evans, David M. Harland},
	title = {{NASA's Voyager Missions: Exploring the Outer Solar System and Beyond}},
	publisher = {Springer Praxis Books},
	year = {2004},
}
@online{NASA_Risk,
  title = {NASA Activities in Risk Management - NASA Project Management Conference},
  url = {https://www.nasa.gov/pdf/293261main_62868main_1_pmchallenge_stamatelatos.pdf},
  urldate = {2017-12-19}
}
@manual{risk_def,
	author = {Responsible Office: Office of Safety and Mission Assurance},
	title = {{Agency Risk Management Procedural Requirements}},
	publisher = {NASA},
	year = {2008},
}
@book{manag,
	title = {{NASA Risk Management Handbook}},
	publisher = {National Aeronautics and Space Administration},
	year = {2011},
}
@manual{guide2001,
	title = {Probabilistic Risk Assessment Procedures Guide for NASA Managers and Practitioners},
	publisher = {NASA},
	year = {2001},
}
@manual{guide2011,
    title = {Probabilistic Risk Assessment Procedures Guide for NASA Managers and Practitioners - Second Edition},
	publisher = {NASA},
	year = {2011},
}
@book{toler,
    author = { M. Ann Garrison Darrin,Patrick A. Stadter },
	title = {{Aerospace Project Management Handbook}},
	publisher = {CRC Press},
	year = {2017},
}
@book{blanch,
	author = {Blanchard, B. S. and Fabrycky},
	title = {{Systems Engineering and Analysis}},
	publisher = {New Jersey: Prentice Hall},
	page = {710-712},
	year = {2006},
}
@book{dod,
	author = {United States of America Department of Defense},
	title = {{Risk management guide for dod acquisition}},
	edition={6},
	year = {2006},
}
@book{genesis,
	author = {Barney B.Roberts and Richard B.Bennett},
	title = {{Risk Management for the NASA/JPL Genesis Mission: A Case Study}},
	publisher = {Jet Propulsion Laboratory},
	year = {2000},
}
@manual{mro,
	title = {{Report on Project Management in NASA by the Mars Climate Orbiter Mishap Investigation Board}},
	publisher = {NASA},
	year = {2000},
}
@online{bbc,
  title = {Voyager probes in funding crisis},
  url ={http://news.bbc.co.uk/2/hi/science/nature/4338245.stm},
  urldate = {2017-12-28}
}
@book{methods,
	author = {Byeong Seok Ahna, Kyung Sam Parkb},
	title = {{Comparing methods for multiattribute decision making with ordinal weights}},
	page={1660-1670},
	year = {2008},
}
@book{titans,
	author = {Virginia P.Dawson and Mark D.Bowles},
	title = {{Taming Liquid Hydrogen: The Centaur Upper Stage Rocket 1958-2002 - The NASA History Series}},
	page={145-147},
	year = {2004},
}
@online{Locatell,
  title = {NASA's famous Voyager probes nearly failed during launch â€” here's what went terribly wrong},
  url = {http://www.businessinsider.com/nasa-voyager-probes-rocket-leak-computer-problems-2017-12?IR=T},
  urldate = {2017-12-29}
}
@book{crr,
	author = {Peter G.Neumann},
	title = {{Computer Related RIsks}},
	year = {1995},
}
@article{Thales,
    author =       "Galileo Galilei",
    title =         "Galileo Galilei Mission Risk Assessment and mitigation strategies report",
    journal =      "Thales Alenia Space",
    year =         "2009",
}
@article{post,
    title="Post-Challenger Evaluation of Space Shuttle Risk Assessment and Management",
    author="Committee on Shuttle Criticality, Review and Hazard Analysis Audit of the Aeronautics and Space Engineering Board",
    year = "1988",
	publisher = "National Press Committee",
}
@book{clean,
	author = {William Whyte},
	title = {{Cleanroom Technology: Fundamentals of Design, Testing and Operation}},
	year = {2001},
}

% ex: set tabstop=4 shiftwidth=4 softtabstop=4 noexpandtab fileformat=unix filetype=bib spelllang=pl,en spell:
